@Article{article,
	author = "Author1 LastName1 and Author2 LastName2 and Author3 LastName3",
	title = "Article Title",
	volume = "30",
	number = "30",
	pages = "10127-10134",
	year = "2013",
	doi = "10.3389/fnins.2013.12345",
	URL = "http://www.frontiersin.org/Journal/10.3389/fnins.2013.12345/abstract",
	journal = "Frontiers in Neuroscience"
}

@book{book,
  author    = {Author Name}, 
  title     = {The title of the work},
  publisher = {The name of the publisher},
  address   = {The city},
  year      = 1993,
}

@incollection{chapter,
  author       = {Bauthor Surname}, 
  title        = {The title of the work},
  editor       = {Editor Name},
  booktitle    = {The title of the book},
  publisher    = {The name of the publisher},
  address      = {The city},
  year         = 2002,
  pages        = {201-213},
}

@InProceedings{conference,
  author = {Cauthor Name and Dauthor Surname and Fauthor LastName},
  title = {The title of the work},
  booktitle = {The title of the conference proceedings},
  year = 1996,
  publisher = {The name of the publisher},
  editor = {Editor Name1 and Editor Name2},
  pages = {41-50},
}

@book{cho,
  author       = {Gauthor Name1}, 
  title        = {The title of the work},
  publisher = {Country code and patent number},
  address      = {Patent Country},
  year = 2013
}

@book{patent,
  author    = {Hauthor Surname1}, 
  title     = {The title of the work},
  publisher = {Patent number},
  address   = {Patent country},
  year      = 2010,
}

% please use misc for datasets
@misc{dataset, 
	author = "Author1 LastName1 and Author2 LastName2 and Author3 LastName3",
	title = "Data Title",
	year = "2011",
	doi = "10.000/55555",
	URL = "http://www.frontiersin.org/",
}

@Article{Cita1,
  title={Percepcion y analisis de las politicas publicas de la produccion de maiz en el centro oriente de Puebla, Mexico},
  author={Juan Velazquez Lopez and Jose Pedro Juarez Sanchez and Benito Ramirez Valverde},
  journal={Cuadernos De Desarrollo Rural},
  year={2021},
  volume={17},
  URL={https://api.semanticscholar.org/CorpusID:233643786}
}

@InProceedings{Zepeda2020LaPE,
  title={La peque√±a empresa agricola familiar, la produccion de maiz y la linea de bienestar en Puebla, Mexico},
  author={Jose Adolfo Zepeda Zepeda and Benito Ramirez Valverde and Laura Leticia Vega Lopez and Sergio Perez Elizalde},
  year={2020},
  url={https://api.semanticscholar.org/CorpusID:228938594}
}

@Article{Cita3, 
title={La Produccion de maiz en Argentina}, 
author={Daniel A. Presello and Fernando Jose Gimenez and Facundo Javier Ferraguti}, 
journal={ACI Avances en Ciencias e Ingenierias}, 
year={2022}, 
url={https://api.semanticscholar.org/CorpusID:248867729} }

@Article{Cita4, 
title={Analisis economico de la produccion de maiz en Chiapas, Mexico, en la region de la Frailesca}, 
author={Orsohe Ramirez Abarca and Dario Guadalupe Ibarra Zavala and Arcenio Gutierrez Estrada}, 
journal={Ciencia Latina Revista Cientifica Multidisciplinar}, 
year={2023}, 
url={https://api.semanticscholar.org/CorpusID:260040556} }

@Article{Cita5, 
title={Evaluacion de sustentabilidad de los sistemas de produccion de maiz en la Peninsula de Yucatan}, 
author={Nelda Guadalupe Uzcanga-Perez and Alejandro Cano-Gonzalez and Cristina Isabel Chanatasig-Vaca}, 
journal={Ecosistemas y Recursos Agropecuarios}, 
year={2022}, 
url={https://api.semanticscholar.org/CorpusID:252031897} }

@Article{Cita6, 
title={COMPORTAMIENTO AGRONOMICO DEL HIBRIDO H-137 Y MATERIALES CRIOLLOS DE MAIZ EN EL VALLE DE PUEBLA}, 
author={Ernesto Aceves-Ruiz and Antonio Turrent-Fernandez and Jose I. Cortes-Flores and Victor Hugo Volke-Haller}, 
journal={Revista Fitotecnia Mexicana}, 
year={2022}, 
url={https://api.semanticscholar.org/CorpusID:251562088} }
